@book{LeCun_2019_qlma,
  title     = "Quand la machine apprend",
  author    = "Le Cun, Yann",
  year      = 2019,
  publisher = "Odile Jacob",
  address   = "Paris"
}

@book{zhang2020dive,
title={Dive into Deep Learning},
author={Aston Zhang and Zachary C. Lipton and Mu Li and Alexander J. Smola},
note={\url{https://d2l.ai}},
year={2020}
}

@article{LeCun_1998_gblatdr,
  title={Gradient-based learning applied to document recognition},
  author={Y. LeCun, L. Bottou, Y. Bengio, and P. Haffner},
  journal={Proc. IEEE},
  year={1998}
}

@article{deeplabv3plus2018,
  title={Encoder-Decoder with Atrous Separable Convolution for Semantic Image Segmentation},
  author={Liang-Chieh Chen and Yukun Zhu and George Papandreou and Florian Schroff and Hartwig Adam},
  journal={arXiv:1802.02611},
  year={2018}
}

@article{fcnfss2015,
  title={Fully Convolutional Networks for Semantic Segmentation},
  author={Jonathan Long∗ Evan Shelhamer∗ Trevor Darrell},
  journal={arXiv:1411.4038v2},
  year={2015}
}

@article{Rezatofighi_2018_CVPR,
  author    = {Rezatofighi, Hamid and Tsoi, Nathan and Gwak, JunYoung and Sadeghian, Amir and Reid, Ian and Savarese, Silvio},
  title     = {Generalized Intersection over Union},
  booktitle = {The IEEE Conference on Computer Vision and Pattern Recognition (CVPR)},
  month     = {June},
  year      = {2019},
}

@inproceedings{liu2018progressive,
  author    = {Chenxi Liu and
               Barret Zoph and
               Maxim Neumann and
               Jonathon Shlens and
               Wei Hua and
               Li{-}Jia Li and
               Li Fei{-}Fei and
               Alan L. Yuille and
               Jonathan Huang and
               Kevin Murphy},
  title     = {Progressive Neural Architecture Search},
  booktitle = {European Conference on Computer Vision},
  year      = {2018}
}

@article{dai2015convolutional,
  author    = {Jifeng Dai Kaiming He Jian Sun},
  title     = {Convolutional Feature Masking for Joint Object and Stuff Segmentation},
  month     = {Apr},
  year      = {2015},
}

@article{cho2017xception,
  author    = {Fran\c{c}ois Chollet},
  title     = {Xception: Deep Learning with Depthwise Separable Convolutions},
  month     = {Apr},
  year      = {2017},
}